UNB+UNOC:3+4012345000023:14+9900357000004:14+250101:0000+1'
UNH+1+REMADV:D:05A:UN:2.9f'
BGM+239+00033001'
DTM+137:20250101:102'
RFF+Z13:REF001'
NAD+MS+4012345000023::293'
CTA+IC+:Abrechnungsstelle'
COM+030 12345678:TE'
CUX+2:EUR:9'
DOC+Z41+INV-2025-001'
MOA+9:100.00:EUR'
UNS+D'
MOA+9:100.00:EUR'
AJT+Z01'
UNT+14+1'
UNZ+1+1'
